2473 3198
1383 260 1756 313 54--—-

553 383 859 441 heredibus
900 382 1111 441 scilic‘et
1170 386 1437 459 legitimis
1482 385 1735 444 eiusdem
1778 356 2068 477 gradus
2009 432 2059 461 ,
2111 409 2285 474 penes

510 506 513 507 ⁷
550 500 698 557 quos
730 478 1044 538 fucceffio
1026 503 1090 537 m
1127 484 1316 562 capita
1348 497 1463 554 est,
1537 483 1909 543 coheredibus
1950 506 2011 542 re
2050 491 2282 545 coniun-

552 582 662 636 ctis?
676 622 692 650 ‚
762 595 825 637 et
844 622 861 651 ‚
934 581 1145 656 quibus
1180 577 1443 652 sucqeffio
1480 583 1539 636 in
1574 580 1798 657 ffirpem
1833 580 1909 637 est
1929 623 1945 651 ,
2003 584 2284 641 coheredi-

501 736 512 741 ,
549 676 661 733 bus
700 697 769 736 re.
794 692 856 735 et
883 678 1080 757 verbis
1119 666 1443 735 coniufictis
1491 680 1648 733 omni
1690 679 1870 735 modo
1904 671 2286 756 aequiparari,-

548 772 672 842 dis;
745 788 818 831 ut
859 795 1013 831 unus
1041 776 1306 852 pluresve
1347 794 1420 831 ex
1458 773 1829 834 coheredibus
1857 775 1963 851 seu·
1987 777 2285 852 collegato-

547 872 642 926 riis
680 873 1003 944 coniunctis
1048 873 1180 929 ideo
1192 913 1209 942 ,
1276 872 1439 948 quod
1499 890 1831 929 concurrere
1863 874 1971 948 »vei
2022 870 2286 929 recusa-nt.

547 969 643 1023 vel
670 988 792 1024 non
820 967 1085 1046 possunt,
1120 965 1418 1048 deficiant3
1467 989 1611 1026 neve
1655 972 1718 1025 in
1771 969 2090 1026 hereditate
2127 968 2312 1025 facta'

510 1115 519 1119 -
547 1062 620 1120 fit
653 1064 976 1123 substitutio
999 1109 1016 1137 ,
1088 1069 1209 1137 vel,
1278 1069 1587 1143 quominus
1643 1068 1989 1144 collegatorii
2027 1069 2149 1122 iure
2191 1066 2285 1128 ad·

546 1160 829 1222 crescendi
870 1166 1200 1241 potiantur,
1286 1163 1565 1222 accesserit
1603 1163 1883 1222 testatoris
1923 1162 2281 1239 prohibitio·
2265 1202 2281 1229 ,

546 1272 617 1313 ut
651 1259 902 1335 denique
947 1265 1244 1338 portiones
1291 1263 1640 1338 coheredum
1680 1281 1745 1317 ac
1785 1262 2285 1333 couegatariorum

547 1371 817 1412 vacantes
863 1360 1229 1433 portionibus
1266 1379 1390 1416 non
1428 1335 1796 1426 vacantibus,
1856 1358 2152 1432 portiones
2190 1374 2285 1411 ve·

545 1468 609 1504 ro
660 1453 1160 1525 collegatariorum
1178 1495 1196 1522 ,
1267 1459 1371 1527 qui
1410 1455 1483 1508 ad
1529 1455 1659 1509 iura
1705 1450 2043 1510 servitutum
2101 1449 2285 1529 perso-

543 1548 767 1609 nalium
808 1547 1006 1602 vocati
1038 1542 1173 1601 suut
1219 1534 1397 1619 atque
1439 1545 1800 1613 defecerunt,
1845 1545 2120 1620 *personis
2162 1550 2285 1601 reli·

545 1662 826 1720 quorum,
867 1663 993 1709 non
1029 1641 1283 1718 ipsorum
1312 1641 1569 1718 partibus
1594 1638 1950 1698 adcrescant.
2068 1644 2290 1718 P1·opo-‚

547 1739 786 1798 suerunt
810 1743 992 1809 enim,
1030 1752 1243 1795 natura
1271 1737 1476 1795 harum
1510 1736 1850 1795 servitutum
1898 1736 2280 1809 considerata,

544 1839 978 1912 Papinianus
1019 1840 1087 1890 L.
1124 1851 1215 1902 33.
1261 1840 1312 1904 §.
1353 1857 1400 1890 1.
1437 1837 1510 1890 D.
1555 1833 1624 1889 de
1660 1817 1964 1910 usufruotu
2001 1849 2280 1913 ecquem-

545 1931 911 1988 admodumt·
946 1931 1384 2006 Usttmfrzcctunz
1415 1932 1475 1986 in
1515 1929 1852 2009 quibusdam
1901 1925 2118 2004 cafibus
2167 1954 2281 1987 non
2352 1969 2357 1970 ν

541 2029 729 2106 partis
783 2022 1046 2105 effectum
1105 2026 1350 2081 obtinere
1403 2029 1671 2091 convenit.
1792 2014 1953 2098 Uizdp
1985 2023 2049 2102 st
2093 2028 2281 2104 fundi

543 2125 636 2181 vel
638 2123 883 2201 fructus
902 2125 1090 2201 portio
1107 2136 1369 2201 petatur,
1406 2136 1459 2177 et
1481 2124 1829 2198 absolutione
1849 2126 2053 2200 secuta
2084 2122 2278 2203 postea

540 2241 682 2300 pars
721 2221 935 2289 altera,
999 2241 1143 2298 quae
1179 2217 1455 2290 adcrevit,
1505 2221 1853 2290 vindicetur,
1906 2223 1965 2277 in
2013 2221 2112 2276 lite
2159 2223 2277 2299 qui-

547 2320 673 2374 dem
686 2318 1058 2396 proprietatis
1076 2316 1358 2372 iudicatae
1385 2319 1469 2377 rei
1503 2319 1876 2395 exceptionem
1915 2313 2155 2394 obstare,
2215 2320 2278 2375 in

531 2414 773 2494 fructus
811 2412 939 2471 vero
974 2436 1089 2471 non
1130 2410 1372 2492 obstare,
1416 2415 1617 2492 scribit
1658 2407 1949 2488 Iuliana-5,
1991 2399 2278 2494 quoniam

540 2514 732 2592 portio
758 2511 949 2589 fundi
984 2512 1141 2567 velut
1176 2511 1388 2568 alluvio
1413 2514 1690 2590 portioni,
1747 2515 2020 2590 personae
2035 2512 2289 2591 fructus

548 2611 916 2693 adcresceret,
981 2623 1042 2665 et
1071 2611 1430 2687 Ulpianus
1486 2615 1553 2668 L.
1604 2631 1691 2667 ιο.
1730 2614 1806 2669 D.
1847 2609 1916 2666 de
1965 2611 2273 2688 usufructu
