2361 3182
1386 281 1772 318 10------·-÷

1016 394 1722 517 voaput‘HL

706 537 1288 605 Fundamentum
1367 543 1555 598 iuris
1631 537 2117 599 aderescendc‘.

1325 691 1378 757 §.
1462 708 1513 759 9.

686 772 992 828 Diversum
1012 776 1148 828 iun's
1177 767 1529 830 adcrescendi
1553 774 1627 828 est
1653 774 2113 842 fundamentum,
2151 792 2279 848 pro·

552 861 641 913 uti
677 874 781 914 aut
802 862 953 915 inter
986 862 1291 917 coheredes
1321 876 1427 917 aut
1454 865 1602 916 inter
1641 847 2029 935 collegaterios
2066 856 2283 935 exerce-

551 962 662 1001 tur.
756 951 916 1003 Inter
949 950 1254 1005 coheredes
1286 954 1440 1005 enim
1477 954 1564 1004 ius
1599 951 1743 1004 illud
1776 952 1968 1004 locum
1999 950 2177 1003 habet
2206 950 2280 1003 acl

552 1032 1003 1093 conse1vandam
1013 1040 1309 1112 regulam
1293 1039 1684 1111 1uxds,Nssmo
1703 1049 1809 1114 pro
1828 1051 1998 1115 parte
2022 1050 2277 1106 testatus,

545 1143 655 1200 pro
682 1137 853 1199 parte
890 1126 1194 1189 intestatus
1227 1124 1481 1182 decedere
1503 1121 1682 1204 potest
1710 1125 1775 1196 ⁸).
1855 1127 2014 1179 Inter
2044 1125 2280 1197 collega·

549 1213 724 1263 tarios
759 1231 896 1265 vero
937 1200 1091 1267 idem
1126 1217 1216 1269 ius
1251 1218 1457 1270 nititur
1503 1217 1564 1267 in
1597 1209 2061 1293 praesumtione,
2126 1212 2282 1264 nolle

549 1294 905 1366 testatorem,
965 1314 1037 1353 ut
1065 1321 1152 1355 res
1178 1304 1373 1374 -legata
1405 1303 1476 1356 ad
1514 1301 1779 1354 heredem
1810 1300 2130 1352 institutum
2162 1298 2283 1372 per-

551 1382 765 1440 veniat.
849 1384 1127 1457 Regula,
1183 1409 1298 1460 qua
1343 1389 1581 1443 fulcitur
1614 1389 1703 1441 ius
1750 1383 2110 1455 adcrescendi
2134 1387 2283 1452 inter

553 1463 877 1537 eoheredes,
911 1472 1213 1526 necess'ario
1234 1476 1554 1543 negligitur,
1577 1472 1634 1538 fi,
1658 1474 1891 1525 condito
1913 1485 2281 1539 testamentO,

550 1559 613 1626 in
654 1576 773 1631 quo
812 1544 1003 1644 plures
1045 1555 1278 1632 heredes
1327 1556 1570 1608 instituti
1632 1555 1792 1630 sunt,
1849 1557 2029 1610 altero
2084 1578 2155 1612 ex
2197 1558 2287 1612 his

553 1648 888 1722 portionem
920 1641 1078 1698 [uam
1104 1644 1256 1698 adire
1283 1640 1578 1697 recusante
1597 1642 1690 1696 vel
1718 1660 1839 1694 non
1861 1664 1899 1695 v
1885 1643 2117 1711 arente,
2157 1664 2283 1720 por-

553 1736 667 1799 tio,
705 1751 855 1806 quae
873 1752 1031 1786 nunc
1051 1725 1203 1785 facta
1238 1729 1312 1784 est
1349 1750 1550 1798 vacua,
1610 1729 1682 1784 ad
1718 1728 1950 1785 heredes
1982 1732 2282 1804 legitimos,

558 1822 660 1893 qui
703 1821 775 1873 ab
810 1819 1078 1874 intestato
1111 1817 1450 1885 succedunt,
1513 1817 1866 1892 transfertur.
1957 1822 2048 1873 Ne
2086 1824 2284 1896 itaque

467 1931 470 1932 ⁷
556 1907 780 1978 regula,
842 1927 874 1960 a
916 1908 1193 1961 Romanis
1241 1920 1493 1981 recepta,
1558 1907 1635 1961 ob
1687 1905 1975 1960 defectum
2009 1907 2284 1966 heredum

555 1991 947 2050 institutorum
986 1994 1279 2048 ullatenus
1315 1993 1564 2061 falleret,
1595 1991 1910 2048 Prudentes
1948 1997 2008 2047 in
2050 1995 2314 2051 οἰνὶῒέιῑθ.

559 2081 826 2154 Romana
862 2084 1211 2135 invenerunt
1258 2081 1346 2134 ius
1386 2068 1777 2148 adcrescendi,
1846 2099 1963 2154 quo
1999 2081 2282 2139 heieditas

559 2168 769 2224 herede
809 2187 993 2222 vacua
1014 2168 1246 2242 reliquis
1269 2167 1567 2223 heredibus
1589 2188 1710 2222 non
1734 2168 2128 2230 deficientibus
2152 2189 2282 2225 con·
2302 2165 2308 2181 '

559 2259 821 2331 tingeret,
847 2257 1237 2331 voluntasque
1259 2255 1534 2313 testatoris
1560 2258 1906 2332 impleretur.

1318 2351 1368 2415 §.
1453 2365 1540 2400 10.

698 2434 918 2504 Regula
941 2436 1070 2488 imis
1091 2434 1358 2502 Romani,
1383 2428 1669 2489 neminem
1687 2452 1791 2507 pro
1812 2443 1975 2509 parte
1997 2432 2277 2500 testatum,

560 2539 665 2597 pro
695 2527 859 2596 parte
898 2521 1227 2577 intestatum
1260 2521 1527 2577 decedere
1567 2518 1749 2598 posse,
1817 2518 2039 2575 causam
2079 2523 2279 2596 procul

630 2675 675 2737 a)
711 2674 747 2737 ᾗ.
780 2677 823 2720 5.
846 2673 882 2720 Ι.
915 2675 973 2722 de
1013 2674 1214 2723 heredib.
1251 2670 1382 2741 insti·
1448 2681 1607 2727 tuend.
1643 2677 1698 2724 L.
1723 2695 1763 2737 7.
1789 2674 1849 2720 D.
1883 2677 1941 2724 de
1962 2683 2083 2740 Reg.
2109 2682 2206 2723 Iur.
2241 2740 2244 2742 ι
2290 2673 2308 2688 ²
