2441 3198
1343 303 1405 336 22

502 415 591 469 uti
604 413 684 469 Iu
698 412 1018 468 stinianu
1031 432 1056 467 s
1080 402 1129 484 Β)
1149 414 1440 489 praecepit
1460 411 1671 466 verbis:
1708 413 2025 476 Sinautem'
2044 434 2111 471 ex
2129 412 2232 486 his,

504 505 602 585 qui
634 502 958 558 disiunctim
965 501 1173 578 scripti
1189 502 1366 576 Junt,
1402 499 1621 579 aliquid
1643 503 1949 576 evanescat,
1991 505 2094 570 hoc
2123 526 2234 560 non

502 592 581 649 ad
589 591 746 669 solos
768 590 1091 658 disiunctos,
1100 588 1208 664 sed
1231 588 1312 644 ad
1330 610 1534 655 omnes,
1553 603 1678 645 tam
1697 586 2037 659 coniunctos,
2062 615 2236 671 quam

505 683 677 737 etiam
699 679 778 735 ad
799 672 1385 751 disiunctosfimiliter
1405 679 1650 753 cumsuo
1673 699 1836 733 onere
1849 699 1955 755 pro
1975 685 2236 752 portione

501 768 831 825 hereditatis
852 761 1163 843 perveniat.
1260 766 1537 823 Condidit
1568 765 1801 822 testator
1844 758 2109 821 ultimam
2137 788 2236 823 vo·

500 860 820 916 luntatem:
863 857 1054 921 Caius,
1069 856 1355 928 inquiens,
1376 855 1534 910 heres
1553 853 1684 924 este,
1698 856 1894 911 Titius
1905 843 2069 929 'heres
2092 855 2233 924 este,

499 944 873 1023 Sempronius
905 957 967 999 et
983 946 1256 1020 'Maevius
1287 943 1518 1000 heredes
1553 940 1745 1012 sunt0,
1782 931 2152 1019 Sempronius
2173 948 2237 1000 in

500 1035 901 1112 quadrantem,
931 1033 1198 1087 Maevius
1221 1031 1287 1088 in
1306 1034 1552 1099 unciam.
1593 1033 1768 1088 Caius
1793 1051 1931 1088 non·
1948 1032 2018 1088 fit
2044 1032 2236 1104 heres;

479 1118 698 1201 ‘'portio
733 1125 855 1176 eius
888 1140 1069 1175 vacua
1104 1124 1228 1176 iure
1253 1118 1604 1176 adcrescendi
1629 1122 1788 1175 Titio
1812 1120 2102 1175 disiuncto
2128 1140 2236 1196 pm

499 1224 666 1288 parte
687 1208 951 1276 dimidia,
964 1228 1071 1263 nec
1088 1228 1209 1263 non
1221 1211 1560 1286 Sempronio
1581 1210 1886 1266 et‘Maevio
1912 1211 2237 1268 coniunctis

501 1318 607 1375 pro
621 1300 799 1353 altera
810 1300 975 1372 parte
995 1297 1230 1352 dimidia
1245 1298 1596 1364 conceditur,
1620 1316 1795 1370 quam
1816 1300 2238 1370 uterqueiuxta

500 1389 892 1460 quantitatem
910 1385 1243 1457 quadrantis
1279 1401 1340 1440 et
1360 1387 1565 1440 unciae
1589 1384 1896 1439 distribuit.
1970 1386 2239 1461 Sempro-

501 1477 604 1527 nio
637 1470 1017 1547 hereditatem
1048 1491 1171 1523 non
1203 1473 1482 1537 adeunte,
1530 1491 1714 1524 vacua
1753 1475 1873 1526 eius
1906 1462 2099 1544 portio
2132 1471 2248 1545 soli,

500 1560 735 1617 Maevio
759 1554 928 1621 cedit,
953 1554 1187 1608 exclufis
1204 1558 1345 1607 Caio
1369 1569 1430 1607 et
1442 1556 1940 1627 Titiordisiunc-tils.
1972 1559 2235 1632 Quando

498 1647 752 1719 denique
779 1643 1151 1717 Sempronius
1173 1654 1233 1696 et
1254 1643 1521 1696 Maevius
1552 1638 1719 1696 fimul
1757 1640 2060 1713 deficiunt,
2108 1666 2238 1722 pon·

500 1739 689 1793 tiones
732 1727 986 1808 ipsorum
1035 1749 1251 1785 vacuae
1293 1750 1422 1784 cum
1463 1731 1605 1786 Gaio
1653 1743 1714 1785 et
1742 1732 1904 1804 Titiq
1937 1732 2236 1793 disiunctis

499 1843 607 1902 pro
655 1820 882 1893 aequali
930 1831 1094 1892 parte
1137 1817 1656 1885 communicantur3
1696 1895 1698 1898 v
1740 1821 1827 1890 V)
1893 1820 2235 1879 Coheredum

499 1909 721 1987 partim
749 1926 812 1961 re
843 1905 1062 1981 partim
1098 1925 1160 1959 re
1191 1919 1244 1959 et
1284 1906 1464 1960 verbis
1498 1901 1552 1978 s
1528 1927 1618 1960 ve
1660 1908 1886 1962 mixtim
1918 1910 2237 1967 coniuncto-

499 2015 636 2054 rum
686 2014 800 2048 uno
832 1991 1086 2053 alterove
1115 1989 1432 2064 deficiente,
1490 1995 1681 2069 portio
1713 1993 1991 2050 coheredis
2019 2002 2080 2051 re
2110 2014 2236 2054 con-

501 2082 682 2140 iuncti
704 2098 913 2135 vacans
931 2077 1290 2154 portionibus
1306 2077 1655 2157 reliquorum
1676 2079 2008 2141 coheredum
2028 2105 2089 2139 re
2105 2107 2234 2142 con·

502 2174 832 2229 iunctorum
883 2187 1067 2244 aequa
1118 2165 1302 2234 lance,
1358 2168 1546 2244 portio
1585 2169 1724 2224 item
1754 2168 2042 2227 ‘coheredis
2080 2158 2142 2227 re
2180 2186 2235 2231 et

499 2259 681 2316 verbis
705 2251 835 2331 five
862 2256 1086 2310 mixtim
1118 2255 1401 2311 coniuncti
1431 2271 1618 2312 vacua
1642 2259 1998 2334 portionibus
2036 2274 2233 2318 cetero-

502 2368 636 2401 rum
669 2342 1005 2401 coheredum
1041 2361 1102 2396 re
1134 2355 1188 2395 et
1217 2343 1397 2398 verbis
1410 2339 1539 2417 five
1559 2345 1783 2398 mixtim
1803 2347 2232 2409 coniunctorum

503 2431 731 2511 aequali
755 2444 949 2508 parte,
1008 2442 1090 2499 et,
1130 2423 1196 2505 st
1226 2428 1431 2486 horum
1462 2431 1658 2487 nullus
1671 2430 1953 2512 superstes
1981 2438 2232 2518 amplius

503 2518 597 2601 esit,
645 2519 999 2599 portionibus
1018 2516 1347 2575 coheredum
1371 2540 1432 2575 re
1453 2522 1900 2591 coniunctorum,
1943 2544 2089 2600 quae
2115 2546 2230 2583 non

571 2675 627 2742 k)
663 2674 720 2724 L.
734 2674 859 2725 unic.
875 2672 914 2738 §.
933 2690 1008 2722 ιο.
1027 2670 1080 2720 C.
1099 2676 1158 2737 de
1173 2674 1342 2735 caduc.
1399 2678 1596 2725 tollend.
