2361 3182
1366 279 1425 329 18

531 391 1199 486 ορηίιιηετίβηςιιὶαιίηι,
1238 397 1422 454 verbis
1441 399 1722 455 conmnctz
1711 386 1795 473 s
1795 395 1918 456 mul
1948 412 2002 457 et
2034 400 2258 457 mioetim
2304 435 2306 438 v

530 489 813 544 coniuncti
845 485 1036 542 itidem
1072 507 1260 543 omnes
1287 469 1576 566 aequalem
1595 499 1819 564 partem
1851 488 2257 570 adipffcarzttcr,

514 576 692 652 fitam
724 575 904 631 verbis
925 577 1210 632 coniuncti
1237 574 1316 632 ad
1350 577 1666 656 exemplum
1690 578 2020 654 portionum
2042 600 2079 632 α
2100 575 2199 655 tes
2201 599 2259 633 a

532 679 654 718 tore
674 663 1202 733 determinatarum,
1240 678 1294 719 et
1326 667 1550 721 mixtim
1577 665 1859 720 coniuncti
1865 665 2042 740 suam
2070 666 2261 745 aequis

524 746 1001 827 portiorzibzcsfibi
1020 749 1380 828 distribuant,
1403 755 1584 808 veluti
1607 746 1714 808 ,ubi
1744 767 1911 808 tenor
1940 752 2261 808 testamenti

532 837 633 893 est:
667 839 866 893 Attius
895 838 1050 895 heres
1075 836 1217 916 esio3
1281 840 1450 896 Caius
1487 855 1540 895 et
1573 842 1935 917 Sempronius
1957 861 2065 917 pro
2093 852 2262 918 parte

530 924 770 982 dimidia
791 925 1016 983 heredes
1022 928 1240 1003 sumo
1215 970 1236 998 ‚
1281 931 1484 985 Sextus
1503 943 1556 984 et
1592 928 1812 984 Tullius
1832 928 2054 984 heredes
2063 928 2261 1002 sante,

532 1008 651 1088 quo
678 1013 957 1070 concursu
980 1018 1176 1073 Attius
1203 1018 1475 1092 primum,
1517 1019 1686 1090 Caius
1709 1032 1769 1072 et
1790 1020 2160 1093 Sempronius
2189 1014 2280 1069 se·-

535 1096 822 1171 cundum,
861 1105 1071 1159 Sextus
1101 1118 1162 1160 et
1183 1106 1411 1161 Tulhus
1441 1109 1676 1162 tertium
1697 1105 2030 1160 coheredem
2051 1123 2111 1157 re
2133 1122 2265 1157 con-

534 1184 805 1243 iunctum
827 1186 1273 1264 repraesentant,
1315 1208 1505 1249 totam
1529 1191 1943 1252 hereditatem
1927 1212 1988 1245 m
2006 1205 2118 1245 tres
2142 1208 2265 1264 par-

531 1289 619 1331 tes
664 1273 939 1350 aequales
976 1273 1283 1349 dissecant,
1348 1302 1526 1337 unam
1559 1283 1756 1339 Attius
1791 1277 1950 1334 solus
1957 1320 1973 1347 ,
2029 1279 2267 1332 alteram

535 1365 706 1419 Caius
731 1378 790 1420 et
809 1357 1181 1450 Sempronius
1205 1366 1388 1437 fimul,
1412 1383 1471 1424 et
1488 1371 1717 1425 tertiam
1740 1368 1953 1423 Sextus
1968 1378 2028 1420 et
2039 1364 2271 1419 Tullius

536 1453 891 1506 coniunctim
910 1446 1013 1508 fibi
1032 1454 1268 1528 habent,
1309 1459 1481 1510 Caius
1499 1471 1560 1509 et
1591 1458 1961 1527 Sempronius
1981 1452 2137 1507 suam
2159 1471 2265 1527 pro

533 1539 822 1613 partibuS‚
860 1537 1019 1612 quas
1014 1531 1261 1592 testator
1283 1536 1663 1612 praescripsit,
1696 1542 1905 1603 Sextus
1937 1540 2183 1618 denique
2204 1559 2270 1593 ac
2295 1594 2299 1597 ,

536 1619 765 1679 Tullius
787 1624 950 1711 suam
969 1621 1337 1702 portionibus
1365 1621 1622 1689 virilibus
1645 1624 2018 1680 distribuunt.

1298 1719 1351 1781 ς.
1422 1719 1509 1767 ι6.

693 1804 745 1856 A
781 1799 1076 1868 mensura,
1115 1818 1231 1872 qua
1269 1799 1600 1855 hereditatis
1653 1797 1852 1854 divifio
1871 1864 1875 1867 K
1897 1812 2266 1875 temperatur,

542 1884 877 1945 exercitium
917 1889 1053 1953 iuris
1085 1885 1436 1940 adcrescendi
1466 1890 1615 1942 inter
1649 1886 1951 1960 coheredes
1982 1886 2270 1962 suspendi·

538 1990 648 2032 tur.
674 1976 827 2029 Hinc
844 1968 1074 2045 regulae
1093 1970 1454 2043 enascuntur,
1471 1990 1620 2046 quae
1634 1965 1719 2027 ita
1743 1976 2015 2029 audiunt:
2041 1977 2095 2045 Ι)
2105 1973 2283 2034 Cohe-

536 2062 735 2127 redum
743 2056 876 2135 sola
893 2081 955 2113 re
973 2059 1403 2129 *coniunctorum
1424 2045 1793 2135 isnoalteretbe
1809 2055 2113 2131 deficiente,
2137 2074 2268 2135 por·

540 2152 618 2206 tio
636 2143 770 2204 'eius
805 2137 1019 2201 vacans
1042 2143 1397 2220 reliquorum
1413 2143 1756 2221 ‘coheredum
1769 2139 2138 2222 portionibus:
2153 2164 2269 2203 non

539 2235 873 2293 vacantibus
885 2253 996 2313 pro
1012 2246 1183 2311 parte
1200 2229 1427 2311 aequali
1446 2230 1734 2307 adcrescit-L
1755 2233 2021 2310 Quare,.fi
2036 2234 2283 2294 testator·

542 2326 711 2382 dixit:
755 2327 926 2381 Caius
948 2322 1109 2378 heres
1131 2320 1277 2390 estu,
1314 2315 1503 2404 Titius
1522 2320 1681 2376 heres
1700 2319 1841 2390 esto,
1895 2324 2266 2400 Sempronius

539 2414 701 2468 heres
723 2412 852 2479 estc,
887 2426 1064 2485 atque
1084 2412 1257 2466 Caius
1276 2424 1377 2465 aut
1396 2412 1466 2463 T
1451 2404 1614 2479 mue,
1641 2404 1750 2466 aut
1781 2422 2025 2485 uterque
2055 2411 2264 2481 deficit,

540 2504 730 2578 portio
756 2502 879 2556 Caii
902 2512 1005 2554 aut
1026 2501 1176 2556 Titii
1187 2492 1297 2553 aut
1325 2492 1624 2585 utriusque
1650 2488 1858 2554 vacans
1877 2499 2153 2573 portioni
2149 2512 2285 2556 -a‘u'ti

543 2593 679 2644 Titii
703 2603 763 2643 et
783 2590 1132 2669 Sempronii,
1170 2600 1279 2642 aut
1295 2584 1416 2640 Caii
1449 2600 1531 2642 et
1526 2578 1874 2663 Sempronii,
1898 2592 2000 2673 aut
2018 2573 2265 2670 denique
2301 2637 2304 2643 .

541 2674 714 2735 solius
724 2677 1046 2758 Sempronii
1059 2695 1180 2745 non
1201 2677 1431 2733 vacanti
1447 2678 1541 2731 ita
1547 2673 1829 2745 adcrescit,
1843 2688 1913 2731 ut
1931 2668 1989 2730 in
2002 2674 2183 2752 prima
2206 2689 2265 2733 et
