2360 3165
871 284 986 342 .¹7

48 408 53 410 “
90 398 256 455 heres
265 394 412 475 efi03
435 396 612 453 Titius
633 406 687 449 et
688 383 1061 469 Sempronius
1084 382 1508 471 heredessunto',
1528 412 1653 469 quo
1679 391 1811 452 casu

90 486 390 545 coheredes
432 490 491 540 re
535 486 596 539 et
623 484 813 539 ver-bis
841 486 1136 539 coniuncti
1164 504 1347 538 unum
1371 484 1730 543 coheredem
1747 504 1808 540 re

87 578 459 630 coniunctum
470 572 708 643 faciunt,
723 572 963 649 proinde
982 556 1100 627 duo
1122 560 1423 650 coheredes
1440 593 1501 627 re
1514 575 1808 629 coniuncti

88 664 467 727 conveniunt,
484 660 560 715 ob
576 679 672 714 eos
694 658 1010 714 hereditas
995 681 1056 713 m
1076 659 1218 716 duas
1233 674 1425 740 partes
1442 660 1706 733 aequales
1729 659 1812 714 di-

85 747 375 819 scinditur,
390 768 505 803 una
521 749 583 801 in
597 749 818 815 Caium,
832 747 1032 802 altera
1016 768 1076 803 m
1088 750 1316 804 Titium
1326 762 1390 803 et
1399 748 1805 823 Sempronium

82 835 247 892 fimul
286 834 655 922 transfertur,
705 854 954 910 quorum
982 838 1190 893 iterum
1228 839 1472 911 quisque
1499 828 1827 909 aequalem*

81 922 214 979 suae
239 927 413 1000 partis
430 925 754 999 poitionem
777 924 1074 1000 deportat3
1111 930 1174 998 6)
1195 928 1354 982 Inter
1376 923 1663 980 coheredes
1683 942 1804 979 ver-

81 1009 162 1065 bis
188 1025 239 1064 et
258 1010 545 1066 coheredes
576 1033 640 1067 re
667 1027 720 1068 et
749 1012 930 1069 verbis
941 1009 1066 1088 five
1088 1015 1310 1069 mixtim
1336 1014 1677 1082 coniunctos,
1705 1011 1802 1068 ubi

80 1091 372 1177 utriusque
406 1101 625 1171 generis
652 1100 942 1160 coheredes
969 1101 1047 1156 ad
1068 1101 1301 1159 eandem
1321 1100 1687 1160 hereditatem
1711 1120 1804 1160 vo-

79 1187 361 1259 emisam,
393 1186 529 1241 haec
550 1189 631 1243 ita
637 1189 1034 1259 distribuitur,
1051 1204 1114 1250 ut
1135 1190 1379 1250 cuiusvis
1396 1189 1622 1263 generis,
1646 1186 1800 1242 cohe-

74 1269 232 1327 redes
251 1274 592 1330 coniunctim
606 1291 832 1361 partem
852 1277 1144 1358 aequalem
1166 1279 1580 1353 nanciscantur,
1606 1288 1661 1331 et
1671 1295 1799 1330 ver-

74 1357 156 1413 bis
189 1375 469 1415 coniuncti
461 1364 657 1436 suam
685 1379 911 1441 partem
934 1365 1025 1420 ad
1054 1366 1384 1439 mensuram
1401 1365 1752 1440 portionum
1760 1378 1815 1416 α·

73 1441 335 1521 testatore
365 1444 468 1523 aff
446 1465 812 1519 grzatarum
849 1455 1072 1503 mixtim
1100 1470 1240 1504 vero
1263 1452 1561 1512 coniuncti
1568 1463 1814 1524 partem.

56 1532 234 1604 suam
264 1531 343 1585 in
389 1529 538 1587 duas
578 1537 864 1616 portiones
916 1535 1179 1615 aequales
1223 1536 1370 1597 inter
1399 1535 1468 1614 se
1504 1534 1792 1604 dividant,

71 1618 313 1716 exerupli
334 1615 514 1687 causa,
551 1617 609 1684 fi
629 1612 876 1680 testator
869 1622 1315 1697 pronunciavit·
1366 1622 1535 1696 Caius
1560 1634 1615 1676 et
1645 1619 1797 1678 Sem·

63 1706 302 1783 pronius
315 1727 422 1782 pro
437 1721 619 1784 parte
625 1707 860 1767 dimidia
889 1708 1116 1771 heredes
1119 1708 1330 1787 sunto,
1363 1692 1566 1765 Sextus
1590 1723 1644 1764 et
1663 1709 1793 1765 Tul·
1839 1753 1841 1755 >

68 1792 180 1849 lius
206 1792 428 1873 heredes
439 1795 637 1869 szcn't'0,
680 1819 795 1871 qua
824 1802 885 1853 in
895 1797 1089 1875 specie
1119 1799 1420 1855 coheredes
1445 1799 1628 1853 verbis
1661 1819 1793 1853 con-

66 1881 249 1935 iuncti
280 1884 490 1950 unius,
547 1888 772 1945 mixtim
818 1876 1113 1944 coniuncti
1145 1889 1378 1942 alterius
1411 1886 1712 1942 coheredis
1731 1908 1792 1943 re

67 1958 358 2036 coniuncti
386 1960 685 2043 personam
707 1983 952 2045 gerunt,
990 1971 1271 2032 hereditas
1300 1975 1519 2045 integra
1552 1975 1614 2026 in
1643 1973 1786 2039 duas
1832 1998 1835 2001 ·

64 2067 252 2129 partes
285 2057 546 2127 aequales
577 2058 922 2132 seiungitur,
953 2079 1079 2116 una
1109 2060 1181 2113 ad
1202 2062 1424 2113 Caium
1438 2072 1499 2126 et
1529 2057 1788 2136 Sempro-

63 2144 244 2209 nium,
283 2143 461 2196 altera
484 2140 558 2198 ad
578 2146 821 2200 Sextum
837 2160 902 2200 et
909 2147 1170 2202 Tullium
1190 2150 1414 2229 transit,
1435 2144 1594 2202 fuam
1617 2148 1788 2205 Caius

66 2243 126 2283 et
154 2233 523 2306 Sempronius
555 2232 630 2301 ad
656 2251 917 2302 normam
939 2238 1195 2309 partium
1225 2257 1260 2292 a
1291 2236 1555 2293 testatore
1591 2236 1788 2292 defini-

65 2328 272 2387 tarum,
302 2321 510 2375 Sextus
531 2334 592 2377 et
611 2320 837 2380 Tullius
852 2317 1031 2382 suam
1040 2328 1235 2400 aequis
1257 2325 1616 2417 portionibus
1645 2326 1786 2382 divi-

64 2402 240 2472 dunt3
322 2411 385 2478 7)
414 2411 584 2464 Inter
601 2398 899 2473 ‘coheredes
924 2426 1013 2481 re,
1051 2412 1337 2472 coheredes
1358 2407 1539 2467 verbis
1560 2412 1613 2467 et
1635 2413 1784 2468 cohe-

24 2539 28 2542 ,
64 2491 218 2549 redes
243 2512 304 2547 re
327 2507 390 2550 et
399 2496 578 2552 verbis
579 2488 647 2571 s
618 2520 709 2554 ve
729 2500 952 2561 mixtim
979 2502 1314 2570 coniunctOS,
1356 2500 1584 2579 quando
1603 2503 1797 2558 omnis·

63 2580 280 2649 generis
317 2583 603 2640 coheredes
643 2588 703 2642 in
749 2586 944 2645 eadem
991 2587 1305 2644 hereditate
1332 2589 1478 2666 sunt
1518 2586 1780 2667 instituti,

63 2662 203 2728 hae-’st
234 2666 317 2734 ita
351 2667 652 2746 dividitur,
692 2690 761 2733 ut
800 2677 1090 2739 cuiuslibet
1118 2678 1338 2753 generis
1371 2675 1657 2735 coheredes
1665 2719 1682 2750 ‚
1723 2699 1781 2735 γε

1170 2781 1217 2835 G
